<?xml version="1.0" encoding="UTF-8"?><collection xmlns="http://www.loc.gov/MARC21/slim"><record><leader>00638nam--2200217-u-4500</leader><controlfield tag="001">000052653</controlfield><controlfield tag="002">20161230</controlfield><controlfield tag="005">20161230201050</controlfield><controlfield tag="008">101001s1000------------r-----000-0-eng-d</controlfield><datafield ind1=" " ind2=" " tag="020"><subfield code="a">0387134018</subfield></datafield><datafield ind1=" " ind2=" " tag="040"><subfield code="a">IFIN-HH</subfield></datafield><datafield ind1=" " ind2=" " tag="080"><subfield code="a">533.9.082.74</subfield></datafield><datafield ind1="1" ind2=" " tag="100"><subfield code="a">Killeen, J</subfield></datafield><datafield ind1="1" ind2="0" tag="245"><subfield code="a">Computational Methods for Kinetic Models of Magnetically Confined Plasmas</subfield><subfield code="c">J. Killeen, G.D. Kerbel, M.G. McCoy, A.A. Mirin</subfield></datafield><datafield ind1=" " ind2=" " tag="260"><subfield code="a">Tokyo</subfield><subfield code="b">Springer-Verlag</subfield><subfield code="c">1986</subfield></datafield><datafield ind1=" " ind2=" " tag="300"><subfield code="a">199 p</subfield></datafield><datafield ind1=" " ind2=" " tag="490"><subfield code="a">Springer Series in Computational Physics</subfield></datafield><datafield ind1=" " ind2="0" tag="650"><subfield code="a">Tokamaks</subfield></datafield><datafield ind1="1" ind2=" " tag="700"><subfield code="a">Mirin, A.A</subfield></datafield><datafield ind1=" " ind2=" " tag="852"><subfield code="a">73184</subfield><subfield code="c">533.9</subfield></datafield><datafield ind1=" " ind2=" " tag="CAT"><subfield code="a">Sys</subfield><subfield code="c">20101001</subfield><subfield code="h">162532</subfield></datafield></record></collection>